@book{ballmann2015,
  title={Einf{\"u}hrung in die Geometrie und Topologie},
  author={Ballmann, Werner},
  year={2015},
  publisher={Springer}
}
@book{hamilton2017,
  title={Mathematical gauge theory},
  subtitle={With Applications to the Standard Model of Particle Physics},
  author={Hamilton, Mark JD},
  year={2017},
  publisher={Springer}
}
@book{deFaria2010,
  title={Mathematical aspects of quantum field theory},
  author={De Faria, Edson and De Melo, Welington},
  volume={127},
  year={2010},
  publisher={Cambridge university press}
}
@book{baum2009,
  title={Eichfeldtheorie},
  author={Baum, Helga},
  year={2009},
  publisher={Springer}
}
@article{may2021minimal,
  title={minimal-lagrangians: Generating and studying dark matter model Lagrangians with just the particle content},
  author={May, Simon},
  journal={Computer Physics Communications},
  volume={261},
  pages={107773},
  year={2021},
  publisher={Elsevier}
}
